<record><leader>00000nas a22000007i 4500</leader><controlfield tag="001">999610059</controlfield><controlfield tag="008">170804c20169999nvuwr n       0   a0eng  </controlfield><datafield ind1=" " ind2=" " tag="010"><subfield code="a">  2017202496</subfield></datafield><datafield ind1=" " ind2=" " tag="040"><subfield code="a">DLC</subfield><subfield code="b">eng</subfield><subfield code="e">rda</subfield><subfield code="c">DLC</subfield></datafield><datafield ind1=" " ind2=" " tag="012"><subfield code="l">1</subfield></datafield><datafield ind1="0" ind2=" " tag="022"><subfield code="a">2574-1071</subfield><subfield code="y">1094-9186</subfield><subfield code="2">1</subfield></datafield><datafield ind1=" " ind2=" " tag="037"><subfield code="b">The Mirror, 1570 E.Hwy, 372 Pahrump, Nevada  89048</subfield></datafield><datafield ind1=" " ind2=" " tag="042"><subfield code="a">nsdp</subfield><subfield code="a">pcc</subfield></datafield><datafield ind1="1" ind2="0" tag="050"><subfield code="a">ISSN RECORD</subfield></datafield><datafield ind1="1" ind2="0" tag="082"><subfield code="a">070</subfield><subfield code="2">23</subfield></datafield><datafield ind1="0" ind2=" " tag="130"><subfield code="a">Mirror (Pahrump, Nev.)</subfield></datafield><datafield ind1=" " ind2="4" tag="222"><subfield code="a">The Mirror</subfield><subfield code="b">(Pahrump, Nev.)</subfield></datafield><datafield ind1="0" ind2="4" tag="245"><subfield code="a">The Mirror</subfield></datafield><datafield ind1=" " ind2="1" tag="264"><subfield code="a">Pahrump, Nevada :</subfield><subfield code="b">Las Vegas Review-Journal, Inc.,</subfield><subfield code="c">2016-</subfield></datafield><datafield ind1=" " ind2=" " tag="310"><subfield code="a">Weekly</subfield></datafield><datafield ind1=" " ind2=" " tag="336"><subfield code="a">text</subfield><subfield code="b">txt</subfield><subfield code="2">rdacontent</subfield></datafield><datafield ind1=" " ind2=" " tag="337"><subfield code="a">unmediated</subfield><subfield code="b">n</subfield><subfield code="2">rdamedia</subfield></datafield><datafield ind1=" " ind2=" " tag="338"><subfield code="a">volume</subfield><subfield code="b">nc</subfield><subfield code="2">rdacarrier</subfield></datafield><datafield ind1="1" ind2=" " tag="362"><subfield code="a">Began with: Vol. XII, #3 (April 7, 2016)</subfield></datafield><datafield ind1=" " ind2=" " tag="500"><subfield code="a">Nye County's Source for Conservative Constitutional Coverage.</subfield></datafield><datafield ind1=" " ind2=" " tag="588"><subfield code="a">Description based on surrogate of: Vol. XII, #3 (April 7, 2016); title from banner.</subfield></datafield><datafield ind1=" " ind2=" " tag="588"><subfield code="a">Latest issue consulted: Vol. XII, #3 (April 7, 2016) (surrogate).</subfield></datafield><datafield ind1="0" ind2="0" tag="780"><subfield code="a">Death Valley Gateway Gazette</subfield></datafield></record>